<?xml version="1.0" encoding="UTF-8"?><collection xmlns="http://www.loc.gov/MARC21/slim"><record><leader>00450nam--2200169-i-4500</leader><controlfield tag="001">000011069</controlfield><controlfield tag="002">20161230</controlfield><controlfield tag="005">20170221011726</controlfield><controlfield tag="008">060222s1000------------r-----000-0-eng-d</controlfield><datafield ind1=" " ind2=" " tag="100"><subfield code="a">Dancea, Ioan</subfield></datafield><datafield ind1=" " ind2=" " tag="245"><subfield code="a">Programe fortran comentate in automatica</subfield></datafield><datafield ind1=" " ind2=" " tag="260"><subfield code="a">Bucuresti</subfield><subfield code="b">Ed.Tehnica</subfield><subfield code="c">1974</subfield></datafield><datafield ind1=" " ind2=" " tag="300"><subfield code="a">309 p</subfield></datafield><datafield ind1=" " ind2=" " tag="490"><subfield code="a">Colectia Automatica Si Informatica</subfield></datafield><datafield ind1=" " ind2=" " tag="700"><subfield code="a">Negru, Olimpiu</subfield></datafield><datafield ind1=" " ind2=" " tag="852"><subfield code="a">681.32:62-52</subfield></datafield><datafield ind1=" " ind2=" " tag="CAT"><subfield code="a">SYS</subfield><subfield code="c">20170221</subfield><subfield code="h">011726</subfield></datafield></record></collection>